<?xml version="1.0" encoding="UTF-8"?>
<collection xmlns:xsi="http://www.w3.org/2001/XMLSchema-instance" xsi:schemaLocation="http://www.loc.gov/MARC21/slim http://www.loc.gov/standards/marcxml/schema/MARC21slim.xsd" xmlns="http://www.loc.gov/MARC21/slim">
<record>
  <leader>01090cam a22002771i 4500</leader>
  <controlfield tag="001">2872111</controlfield>
  <controlfield tag="003">NNC</controlfield>
  <controlfield tag="005">20130520195900.0</controlfield>
  <controlfield tag="008">010210s1892    ua       d    000 0 ara d</controlfield>
  <datafield tag="035" ind1=" " ind2=" ">
    <subfield code="a">(OCoLC)ocm45889487</subfield>
  </datafield>
  <datafield tag="035" ind1=" " ind2=" ">
    <subfield code="9">ASA6701CU</subfield>
  </datafield>
  <datafield tag="035" ind1=" " ind2=" ">
    <subfield code="a">(NNC)2872111</subfield>
  </datafield>
  <datafield tag="035" ind1=" " ind2=" ">
    <subfield code="a">2872111</subfield>
  </datafield>
  <datafield tag="040" ind1=" " ind2=" ">
    <subfield code="a">ZCU</subfield>
    <subfield code="c">ZCU</subfield>
  </datafield>
  <datafield tag="090" ind1=" " ind2=" ">
    <subfield code="a">BP130.4</subfield>
    <subfield code="b">.D57</subfield>
  </datafield>
  <datafield tag="100" ind1="1" ind2=" ">
    <subfield code="a">Dīrīnī, ʻAbd al-ʻAzīz,</subfield>
    <subfield code="d">1215-approximately 1295.</subfield>
  </datafield>
  <datafield tag="240" ind1="1" ind2="0">
    <subfield code="a">Taysīr fi ʻulūm al-tafsīr</subfield>
  </datafield>
  <datafield tag="245" ind1="1" ind2="0">
    <subfield code="a">Kitab al-Taysīr fi ʻulūm al-tafsīr /</subfield>
    <subfield code="c">ʻAbd al-ʻAzīz ibn Aḥmad al-Damīrī al-shafīr bi al-Dīrinī. Wabihamishihī Alfīyat Abī Dhurʻah al-ʻIrāqi fī tafsīr alfāz al-Qurʾān.</subfield>
  </datafield>
  <datafield tag="246" ind1="3" ind2="0">
    <subfield code="a">Taysīr fī ʻulūm al-tafsīr</subfield>
  </datafield>
  <datafield tag="260" ind1=" " ind2=" ">
    <subfield code="a">Miṣr :</subfield>
    <subfield code="b">Maṭbaʻat al-Taqaddum al-ʻIlmīyah,</subfield>
    <subfield code="c">1310 [1892]</subfield>
  </datafield>
  <datafield tag="300" ind1=" " ind2=" ">
    <subfield code="a">146 p. ;</subfield>
    <subfield code="c">27 cm.</subfield>
  </datafield>
  <datafield tag="630" ind1="0" ind2="0">
    <subfield code="a">Qurʼan</subfield>
    <subfield code="v">Commentaries.</subfield>
  </datafield>
  <datafield tag="630" ind1="0" ind2="0">
    <subfield code="a">Qurʼan</subfield>
    <subfield code="v">Dictionaries.</subfield>
  </datafield>
  <datafield tag="710" ind1="2" ind2=" ">
    <subfield code="a">Abū Dhur-ah al - ʻIrāqi.</subfield>
    <subfield code="t">Alfīyah fī tafsīr alfāz al-Qurʼan.</subfield>
    <subfield code="f">1892.</subfield>
  </datafield>
  <datafield tag="740" ind1="0" ind2=" ">
    <subfield code="a">Alfīyah fī tafsīr alfāz al-Qurʾan.</subfield>
  </datafield>
  <datafield tag="955" ind1=" " ind2=" ">
    <subfield code="b">CU55313272</subfield>
    <subfield code="d">off,glx</subfield>
    <subfield code="e">BP130.4 .D57</subfield>
  </datafield>
</record>
</collection>